@misc{intern,
    title={{Git From the Bottom Up}},
    url={http://ftp.newartisans.com/pub/git.from.bottom.up.pdf} 
}
@misc{man,
    title={{User Manual}},
    url={http://git-scm.com/docs/user-manual.html}
}
@misc{magic,
    title={{Git Magic}},
    url={http://www-cs-students.stanford.edu/~blynn/gitmagic/}
}
@misc{book,
    title={{Git Book}},
    url={http://git-scm.com/book}
}
@misc{tech-talk,
    title={{Tech Talk: Linus Torvalds on Git}},
    url={http://youtu.be/4XpnKHJAok8}
}
@misc{school,
    title={{Code School -- Try Git}},
    url={http://try.github.io}
}
@misc{bart,
    title={{Bart's Blog--Intro to Git}},
    url={www.junkie.net/~bart/blog},
    author={Bart Trojanowski}
}
@misc{visual-git,
    title={{A Visual Git Reference}},
    author={Mark Lodato},
    url={marklodato.github.io/visual-git-guide/}
}
